<record xmlns="http://www.loc.gov/MARC21/slim">
   <leader>01565cam a2200385 a 4500</leader>
   <controlfield tag="001">1378244</controlfield>
   <controlfield tag="008">910604s1985    azua     b        0 eng d</controlfield>
   <datafield ind1=" " ind2=" " tag="010">
      <subfield code="a">   82084464</subfield>
   </datafield>
   <datafield ind1=" " ind2=" " tag="020">
      <subfield code="a">0939252139 (pbk.)</subfield>
   </datafield>
   <datafield ind1=" " ind2=" " tag="035">
      <subfield code="a">ocm13014631</subfield>
   </datafield>
   <datafield ind1=" " ind2=" " tag="040">
      <subfield code="a">DLC</subfield>
      <subfield code="b">eng</subfield>
      <subfield code="c">DLC</subfield>
   </datafield>
   <datafield ind1="1" ind2=" " tag="041">
      <subfield code="a">engjpn</subfield>
   </datafield>
   <datafield ind1=" " ind2=" " tag="043">
      <subfield code="a">a-ja---</subfield>
      <subfield code="a">a-cc---</subfield>
   </datafield>
   <datafield ind1=" " ind2=" " tag="049">
      <subfield code="a">AEU</subfield>
      <subfield code="b">eng</subfield>
   </datafield>
   <datafield ind1="0" ind2="0" tag="050">
      <subfield code="a">BL1913</subfield>
      <subfield code="b">.E542516 1985</subfield>
   </datafield>
   <datafield ind1="0" ind2=" " tag="082">
      <subfield code="a">299/.514/0952</subfield>
      <subfield code="2">19</subfield>
   </datafield>
   <datafield ind1="0" ind2=" " tag="090">
      <subfield code="a">BL 1913 E57 1985</subfield>
   </datafield>
   <datafield ind1="0" ind2=" " tag="130">
      <subfield code="a">Engishiki.</subfield>
      <subfield code="l">English.</subfield>
   </datafield>
   <datafield ind1="1" ind2="0" tag="245">
      <subfield code="a">Classical learning and taoist practices in early Japan :</subfield>
      <subfield code="b">with a translation of Books XVI and XX of the Engi-shiki /</subfield>
      <subfield code="c">translated and annotated by Felicia G. Bock.</subfield>
   </datafield>
   <datafield ind1=" " ind2=" " tag="260">
      <subfield code="a">Tempe, Ariz. :</subfield>
      <subfield code="b">Center for Asian Studies, Arizona State University,</subfield>
      <subfield code="c">1985.</subfield>
   </datafield>
   <datafield ind1=" " ind2=" " tag="300">
      <subfield code="a">100, [2] p. :</subfield>
      <subfield code="b">ill. ;</subfield>
      <subfield code="c">23 cm.</subfield>
   </datafield>
   <datafield ind1=" " ind2=" " tag="336">
      <subfield code="a">text</subfield>
      <subfield code="b">txt</subfield>
      <subfield code="2">rdacontent</subfield>
   </datafield>
   <datafield ind1=" " ind2=" " tag="337">
      <subfield code="a">unmediated</subfield>
      <subfield code="b">n</subfield>
      <subfield code="2">rdamedia</subfield>
   </datafield>
   <datafield ind1=" " ind2=" " tag="338">
      <subfield code="a">volume</subfield>
      <subfield code="b">nc</subfield>
      <subfield code="2">rdacarrier</subfield>
   </datafield>
   <datafield ind1="1" ind2=" " tag="490">
      <subfield code="a">Occasional paper / Center for Asian Studies, Arizona State University ;</subfield>
      <subfield code="v">no. 17</subfield>
   </datafield>
   <datafield ind1=" " ind2=" " tag="504">
      <subfield code="a">Chronological list of works by F.G. Bock: p. [101]-[102]</subfield>
   </datafield>
   <datafield ind1=" " ind2=" " tag="504">
      <subfield code="a">Bibliography: p. [98]-100.</subfield>
   </datafield>
   <datafield ind1=" " ind2=" " tag="596">
      <subfield code="a">43</subfield>
   </datafield>
   <datafield ind1=" " ind2="0" tag="650">
      <subfield code="a">Taoism</subfield>
      <subfield code="z">Japan</subfield>
      <subfield code="x">Rituals.</subfield>
   </datafield>
   <datafield ind1=" " ind2="0" tag="650">
      <subfield code="a">Chinese classics</subfield>
      <subfield code="x">History and criticism.</subfield>
   </datafield>
   <datafield ind1="1" ind2=" " tag="700">
      <subfield code="a">Bock, Felicia Gressitt.</subfield>
   </datafield>
   <datafield ind1="0" ind2=" " tag="730">
      <subfield code="a">Engishiki.</subfield>
      <subfield code="n">Maki 20.</subfield>
      <subfield code="l">English.</subfield>
   </datafield>
   <datafield ind1="0" ind2=" " tag="730">
      <subfield code="a">Engishiki.</subfield>
      <subfield code="n">Maki 16.</subfield>
      <subfield code="l">English.</subfield>
   </datafield>
   <datafield ind1=" " ind2="0" tag="830">
      <subfield code="a">Occasional paper (Arizona State University. Center for Asian Studies) ;</subfield>
      <subfield code="v">no. 17.</subfield>
   </datafield>
   <datafield ind1=" " ind2=" " tag="926">
      <subfield code="a">BL 1913 E57 1985</subfield>
      <subfield code="w">LC</subfield>
      <subfield code="c">1</subfield>
      <subfield code="i">000037027901</subfield>
      <subfield code="d">11/24/2011</subfield>
      <subfield code="e">11/11/2011</subfield>
      <subfield code="l">ON_SHELF</subfield>
      <subfield code="m">UAHSS</subfield>
      <subfield code="n">11</subfield>
      <subfield code="p">$150.00</subfield>
      <subfield code="r">Y</subfield>
      <subfield code="s">Y</subfield>
      <subfield code="t">BOOK</subfield>
      <subfield code="u">7/10/1991</subfield>
   </datafield>
</record>
